1CClientBankExchange
ВерсияФормата=1.01
Кодировка=Windows
Отправитель=PSB-Online
Получатель=ExternalProg
ДатаСоздания=10.03.2016
ВремяСоздания=00:00:00
ДатаНачала=09.03.2016
ДатаКонца=09.03.2016
РасчСчет=40702810602000758601
СекцияРасчСчет
ДатаНачала=09.03.2016
ДатаКонца=09.03.2016
РасчСчет=40702810602000758601
НачальныйОстаток=1422248.65
ВсегоПоступило=245888.46
ВсегоСписано=43942.00
КонечныйОстаток=1624195.11
КонецРасчСчет

СекцияДокумент=Платежное поручение
Номер=112976
Дата=07.03.2016
Сумма=294.60
НазначениеПлатежа=//ПРИЛОЖЕНИЕ//ООО Инфорум;по принятым платежам с 04/03/2016 по 04/03/2016;на общую сумму 300,в т.ч.усл.банка 5.4,в кол-ве 1,согл.эл.реестру 070316gb28580592107.138.TXT
Плательщик1=Ханты-Мансийского ОСБ 1791
ПлательщикИНН=7707083893
ПлательщикСчет=30233810767460100111
ПлательщикКПП=720302020
ПолучательКПП=366601001
ПоказательКБК=
ОКАТО=
ПоказательОснования=
ПоказательПериода=
ПоказательНомера=
ПоказательДаты=
ПоказательТипа=
ПлательщикБанк1=ЗАПАДНО-СИБИРСКИЙ БАНК ПАО СБЕРБАНК г ТЮМЕНЬ
ПлательщикБИК=047102651
ПлательщикКорсчет=30101810800000000651
Получатель1=ООО "Инфорум"
ПолучательИНН=3666152146
ПолучательСчет=40702810602000758601
ВидОплаты=01
СрокПлатежа=
Очередность=5
ВидПлатежа=Electronically
ДатаПоступило=09.03.2016
ПолучательБанк1=ЯРОСЛАВСКИЙ Ф-Л ПАО "ПРОМСВЯЗЬБАНК" г. ЯРОСЛАВЛЬ
ПолучательБИК=047888760
ПолучательКорсчет=30101810300000000760
КонецДокумента

СекцияДокумент=Платежное поручение
Номер=288233
Дата=09.03.2016
Сумма=294.60
НазначениеПлатежа=//ПРИЛОЖЕНИЕ//ООО Инфорум;по принятым платежам с 08/03/2016 по 08/03/2016;на общую сумму 300,в т.ч.усл.банка 5.4,в кол-ве 1,согл.эл.реестру 090316gb23632540236.160.TXT
Плательщик1=ОАО "СБЕРБАНК РОССИИ" р/с 30233810749000600001 в ЗАПАДНО-УРАЛЬСКИЙ БАНК ПАО СБЕРБАНК г.ПЕРМЬ
ПлательщикИНН=7707083893
ПлательщикСчет=30302810277006000000
ПлательщикКПП=775001001
ПолучательКПП=366601001
ПоказательКБК=
ОКАТО=
ПоказательОснования=
ПоказательПериода=
ПоказательНомера=
ПоказательДаты=
ПоказательТипа=
ПлательщикБанк1=СЕВЕРНЫЙ БАНК ПАО СБЕРБАНК г ЯРОСЛАВЛЬ
ПлательщикБИК=047888670
ПлательщикКорсчет=30101810500000000670
Получатель1=ООО "Инфорум"
ПолучательИНН=3666152146
ПолучательСчет=40702810602000758601
ВидОплаты=01
СрокПлатежа=
Очередность=5
ВидПлатежа=Electronically
ДатаПоступило=09.03.2016
ПолучательБанк1=ЯРОСЛАВСКИЙ Ф-Л ПАО "ПРОМСВЯЗЬБАНК" г. ЯРОСЛАВЛЬ
ПолучательБИК=047888760
ПолучательКорсчет=30101810300000000760
КонецДокумента

СекцияДокумент=Платежное поручение
Номер=99259
Дата=07.03.2016
Сумма=491.00
НазначениеПлатежа=//ПРИЛОЖЕНИЕ//ООО Инфорум;по принятым платежам с 05/03/2016 по 05/03/2016;на общую сумму 500,в т.ч.усл.банка 9,в кол-ве 1,согл.эл.реестру 070316gb23632540236.156.TXT
Плательщик1=ОАО "СБЕРБАНК РОССИИ" р/с 30233810749000600001 в ЗАПАДНО-УРАЛЬСКИЙ БАНК ПАО СБЕРБАНК г.ПЕРМЬ
ПлательщикИНН=7707083893
ПлательщикСчет=30302810277006000000
ПлательщикКПП=775001001
ПолучательКПП=366601001
ПоказательКБК=
ОКАТО=
ПоказательОснования=
ПоказательПериода=
ПоказательНомера=
ПоказательДаты=
ПоказательТипа=
ПлательщикБанк1=СЕВЕРНЫЙ БАНК ПАО СБЕРБАНК г ЯРОСЛАВЛЬ
ПлательщикБИК=047888670
ПлательщикКорсчет=30101810500000000670
Получатель1=ООО "Инфорум"
ПолучательИНН=3666152146
ПолучательСчет=40702810602000758601
ВидОплаты=01
СрокПлатежа=
Очередность=5
ВидПлатежа=Electronically
ДатаПоступило=09.03.2016
ПолучательБанк1=ЯРОСЛАВСКИЙ Ф-Л ПАО "ПРОМСВЯЗЬБАНК" г. ЯРОСЛАВЛЬ
ПолучательБИК=047888760
ПолучательКорсчет=30101810300000000760
КонецДокумента

СекцияДокумент=Платежное поручение
Номер=61435
Дата=09.03.2016
Сумма=540.10
НазначениеПлатежа=//ПРИЛОЖЕНИЕ//ООО Инфорум;по принятым платежам с 08/03/2016 по 08/03/2016;на общую сумму 550,в т.ч.усл.банка 9.9,в кол-ве 1,согл.эл.реестру 090316gb23632540236.157.TXT
Плательщик1=ОАО "СБЕРБАНК РОССИИ" р/с 30233810749000600001 в ЗАПАДНО-УРАЛЬСКИЙ БАНК ПАО СБЕРБАНК г.ПЕРМЬ
ПлательщикИНН=7707083893
ПлательщикСчет=30302810277006000000
ПлательщикКПП=775001001
ПолучательКПП=366601001
ПоказательКБК=
ОКАТО=
ПоказательОснования=
ПоказательПериода=
ПоказательНомера=
ПоказательДаты=
ПоказательТипа=
ПлательщикБанк1=СЕВЕРНЫЙ БАНК ПАО СБЕРБАНК г ЯРОСЛАВЛЬ
ПлательщикБИК=047888670
ПлательщикКорсчет=30101810500000000670
Получатель1=ООО "Инфорум"
ПолучательИНН=3666152146
ПолучательСчет=40702810602000758601
ВидОплаты=01
СрокПлатежа=
Очередность=5
ВидПлатежа=Electronically
ДатаПоступило=09.03.2016
ПолучательБанк1=ЯРОСЛАВСКИЙ Ф-Л ПАО "ПРОМСВЯЗЬБАНК" г. ЯРОСЛАВЛЬ
ПолучательБИК=047888760
ПолучательКорсчет=30101810300000000760
КонецДокумента

СекцияДокумент=Платежное поручение
Номер=673842
Дата=07.03.2016
Сумма=638.30
НазначениеПлатежа=//ПРИЛОЖЕНИЕ//ООО Инфорум;по принятым платежам с 04/03/2016 по 04/03/2016;на общую сумму 650,в т.ч.усл.банка 11.7,в кол-ве 1,согл.эл.реестру 070316gb23632540236.154.TXT
Плательщик1=ОАО "СБЕРБАНК РОССИИ" р/с 30233810749000600001 в ЗАПАДНО-УРАЛЬСКИЙ БАНК ПАО СБЕРБАНК г.ПЕРМЬ
ПлательщикИНН=7707083893
ПлательщикСчет=30302810277006000000
ПлательщикКПП=775001001
ПолучательКПП=366601001
ПоказательКБК=
ОКАТО=
ПоказательОснования=
ПоказательПериода=
ПоказательНомера=
ПоказательДаты=
ПоказательТипа=
ПлательщикБанк1=СЕВЕРНЫЙ БАНК ПАО СБЕРБАНК г ЯРОСЛАВЛЬ
ПлательщикБИК=047888670
ПлательщикКорсчет=30101810500000000670
Получатель1=ООО "Инфорум"
ПолучательИНН=3666152146
ПолучательСчет=40702810602000758601
ВидОплаты=01
СрокПлатежа=
Очередность=5
ВидПлатежа=Electronically
ДатаПоступило=09.03.2016
ПолучательБанк1=ЯРОСЛАВСКИЙ Ф-Л ПАО "ПРОМСВЯЗЬБАНК" г. ЯРОСЛАВЛЬ
ПолучательБИК=047888760
ПолучательКорсчет=30101810300000000760
КонецДокумента

СекцияДокумент=Платежное поручение
Номер=65
Дата=09.03.2016
Сумма=850.00
НазначениеПлатежа=За услуги доступа к сети Интернет по счету №576 от 29.02.2016 г. НДС не облагается.
Плательщик1=ООО "Офис-Дизайн"
ПлательщикИНН=3123193686
ПлательщикСчет=40702810800000000426
ПлательщикКПП=312301001
ПолучательКПП=366601001
ПоказательКБК=
ОКАТО=
ПоказательОснования=
ПоказательПериода=
ПоказательНомера=
ПоказательДаты=
ПоказательТипа=
ПлательщикБанк1=БФ АО КБ "РУСНАРБАНК" г БЕЛГОРОД
ПлательщикБИК=041403802
ПлательщикКорсчет=30101810300000000802
Получатель1=ООО "Инфорум"
ПолучательИНН=3666152146
ПолучательСчет=40702810602000758601
ВидОплаты=01
СрокПлатежа=
Очередность=5
ВидПлатежа=Electronically
ДатаПоступило=09.03.2016
ПолучательБанк1=ЯРОСЛАВСКИЙ Ф-Л ПАО "ПРОМСВЯЗЬБАНК" г. ЯРОСЛАВЛЬ
ПолучательБИК=047888760
ПолучательКорсчет=30101810300000000760
КонецДокумента

СекцияДокумент=Платежное поручение
Номер=744203
Дата=07.03.2016
Сумма=982.00
НазначениеПлатежа=//ПРИЛОЖЕНИЕ//ООО Инфорум;по принятым платежам с 05/03/2016 по 05/03/2016;на общую сумму 1000,в т.ч.усл.банка 18,в кол-ве 1,согл.эл.реестру 070316gb23632540236.155.TXT
Плательщик1=ОАО "СБЕРБАНК РОССИИ" р/с 30233810749000600001 в ЗАПАДНО-УРАЛЬСКИЙ БАНК ПАО СБЕРБАНК г.ПЕРМЬ
ПлательщикИНН=7707083893
ПлательщикСчет=30302810277006000000
ПлательщикКПП=775001001
ПолучательКПП=366601001
ПоказательКБК=
ОКАТО=
ПоказательОснования=
ПоказательПериода=
ПоказательНомера=
ПоказательДаты=
ПоказательТипа=
ПлательщикБанк1=СЕВЕРНЫЙ БАНК ПАО СБЕРБАНК г ЯРОСЛАВЛЬ
ПлательщикБИК=047888670
ПлательщикКорсчет=30101810500000000670
Получатель1=ООО "Инфорум"
ПолучательИНН=3666152146
ПолучательСчет=40702810602000758601
ВидОплаты=01
СрокПлатежа=
Очередность=5
ВидПлатежа=Electronically
ДатаПоступило=09.03.2016
ПолучательБанк1=ЯРОСЛАВСКИЙ Ф-Л ПАО "ПРОМСВЯЗЬБАНК" г. ЯРОСЛАВЛЬ
ПолучательБИК=047888760
ПолучательКорсчет=30101810300000000760
КонецДокумента

СекцияДокумент=Платежное поручение
Номер=418
Дата=09.03.2016
Сумма=1000.00
НазначениеПлатежа=За услуги связи (доступ к сети интернет) по договору№21157 от 30,11,2015г.НДС не облагается
Плательщик1=АО ЧЕРНЯНСКИЙ МЯСОКОМБИНАТ
ПлательщикИНН=3119000483
ПлательщикСчет=40702810507050100020
ПлательщикКПП=311901001
ПолучательКПП=366601001
ПоказательКБК=
ОКАТО=
ПоказательОснования=
ПоказательПериода=
ПоказательНомера=
ПоказательДаты=
ПоказательТипа=
ПлательщикБанк1=БЕЛГОРОДСКОЕ ОТДЕЛЕНИЕ N8592 ПАО СБЕРБАНК г БЕЛГОРОД
ПлательщикБИК=041403633
ПлательщикКорсчет=30101810100000000633
Получатель1=ООО "Инфорум"
ПолучательИНН=3666152146
ПолучательСчет=40702810602000758601
ВидОплаты=01
СрокПлатежа=
Очередность=5
Код=0
ВидПлатежа=Electronically
ДатаПоступило=09.03.2016
ПолучательБанк1=ЯРОСЛАВСКИЙ Ф-Л ПАО "ПРОМСВЯЗЬБАНК" г. ЯРОСЛАВЛЬ
ПолучательБИК=047888760
ПолучательКорсчет=30101810300000000760
КонецДокумента

СекцияДокумент=Платежное поручение
Номер=17
Дата=09.03.2016
Сумма=1000.00
НазначениеПлатежа=Доступ к сети интернет февраль 2016 г по сч 462 от 29.02.16 Cумма 1000-00,без налога (НДС).
Плательщик1=ИП Колмыков Олег Николаевич
ПлательщикИНН=312311033180
ПлательщикСчет=40802810500000000942
ПолучательКПП=312301001
ПоказательКБК=
ОКАТО=
ПоказательОснования=
ПоказательПериода=
ПоказательНомера=
ПоказательДаты=
ПоказательТипа=
ПлательщикБанк1=БЕЛГОРОДСКИЙ Ф-Л ПАО АКБ "МЕТАЛЛИНВЕСТБАНК" г БЕЛГОРОД
ПлательщикБИК=041403838
ПлательщикКорсчет=30101810014030000838
Получатель1=ООО "Инфорум"
ПолучательИНН=3666152146
ПолучательСчет=40702810602000758601
ВидОплаты=01
СрокПлатежа=
Очередность=5
ВидПлатежа=Electronically
ДатаПоступило=09.03.2016
ПолучательБанк1=ЯРОСЛАВСКИЙ Ф-Л ПАО "ПРОМСВЯЗЬБАНК" г. ЯРОСЛАВЛЬ
ПолучательБИК=047888760
ПолучательКорсчет=30101810300000000760
КонецДокумента

СекцияДокумент=Платежное поручение
Номер=41
Дата=09.03.2016
Сумма=1000.00
НазначениеПлатежа=Оплата за предоставление доступа к сети Интернет за январь месяц по договору N 07340 от 20.03.2013 НДС не облагается
Плательщик1=ИП Иволгин Алексей Александрович
ПлательщикИНН=360400102388
ПлательщикСчет=40802810813060100113
ПлательщикКПП=360401001
ПолучательКПП=366601001
ПоказательКБК=
ОКАТО=
ПоказательОснования=
ПоказательПериода=
ПоказательНомера=
ПоказательДаты=
ПоказательТипа=
ПлательщикБанк1=ЦЕНТРАЛЬНО-ЧЕРНОЗЕМНЫЙ БАНК ПАО СБЕРБАНК г ВОРОНЕЖ
ПлательщикБИК=042007681
ПлательщикКорсчет=30101810600000000681
Получатель1=ООО "Инфорум"
ПолучательИНН=3666152146
ПолучательСчет=40702810602000758601
ВидОплаты=01
СрокПлатежа=
Очередность=5
ВидПлатежа=Electronically
ДатаПоступило=09.03.2016
ПолучательБанк1=ЯРОСЛАВСКИЙ Ф-Л ПАО "ПРОМСВЯЗЬБАНК" г. ЯРОСЛАВЛЬ
ПолучательБИК=047888760
ПолучательКорсчет=30101810300000000760
КонецДокумента

СекцияДокумент=Платежное поручение
Номер=175
Дата=09.03.2016
Сумма=1500.00
НазначениеПлатежа=Оказание услуг доступа к сети Интернет за февраль 2016г. по счету № 512 от 29.02.2016 г. , без НДС
Плательщик1=ИП Полянская Юлиана Юрьевна
ПлательщикИНН=312308653138
ПлательщикСчет=40802810902180000326
ПолучательКПП=366601001
ПоказательКБК=
ОКАТО=
ПоказательОснования=
ПоказательПериода=
ПоказательНомера=
ПоказательДаты=
ПоказательТипа=
ПлательщикБанк1=ПАО "БАНК УРАЛСИБ" МОСКВА
ПлательщикБИК=044525787
ПлательщикКорсчет=30101810100000000787
Получатель1=ООО "Инфорум"
ПолучательИНН=3666152146
ПолучательСчет=40702810602000758601
ВидОплаты=01
СрокПлатежа=
Очередность=5
ВидПлатежа=Electronically
ДатаПоступило=09.03.2016
ПолучательБанк1=ЯРОСЛАВСКИЙ Ф-Л ПАО "ПРОМСВЯЗЬБАНК" г. ЯРОСЛАВЛЬ
ПолучательБИК=047888760
ПолучательКорсчет=30101810300000000760
КонецДокумента

СекцияДокумент=Платежное поручение
Номер=17
Дата=09.03.2016
Сумма=2000.00
НазначениеПлатежа=Оплата по сч. №516 от 29,02,16 за оказание услуги доступа к сети Интернет за февраль 2016 г. НДС не облагается
Плательщик1=ИП ПЕРЕВОЗЧИКОВ АНДРЕЙ ВИТАЛЬЕВИЧ
ПлательщикИНН=360400389317
ПлательщикСчет=40802810413060000082
ПлательщикКПП=000000000
ПолучательКПП=366601001
ПоказательКБК=
ОКАТО=
ПоказательОснования=
ПоказательПериода=
ПоказательНомера=
ПоказательДаты=
ПоказательТипа=
ПлательщикБанк1=ЦЕНТРАЛЬНО-ЧЕРНОЗЕМНЫЙ БАНК ПАО СБЕРБАНК г ВОРОНЕЖ
ПлательщикБИК=042007681
ПлательщикКорсчет=30101810600000000681
Получатель1=ООО "Инфорум"
ПолучательИНН=3666152146
ПолучательСчет=40702810602000758601
ВидОплаты=01
СрокПлатежа=
Очередность=5
ВидПлатежа=Electronically
ДатаПоступило=09.03.2016
ПолучательБанк1=ЯРОСЛАВСКИЙ Ф-Л ПАО "ПРОМСВЯЗЬБАНК" г. ЯРОСЛАВЛЬ
ПолучательБИК=047888760
ПолучательКорсчет=30101810300000000760
КонецДокумента

СекцияДокумент=Платежное поручение
Номер=954
Дата=09.03.2016
Сумма=2000.00
НазначениеПлатежа=(95100000000000000242) Оплата за интернет по сч № 629 от 29.02.2016г., ДГВ №13213 от 12.01.2016г. // НДС не предусмотрен
Плательщик1=Отдел по финансам администрации БГО ВО (МБОУ БГО СОШ № 3)
ПлательщикИНН=3604011258
ПлательщикСчет=40701810920133000001
ПлательщикКПП=360401001
ПолучательКПП=366601001
ПоказательКБК=
ОКАТО=
ПоказательОснования=
ПоказательПериода=
ПоказательНомера=
ПоказательДаты=
ПоказательТипа=
ПлательщикБанк1=РКЦ БОРИСОГЛЕБСК г БОРИСОГЛЕБСК
ПлательщикБИК=042013000
Получатель1=ООО "Инфорум"
ПолучательИНН=3666152146
ПолучательСчет=40702810602000758601
ВидОплаты=01
СрокПлатежа=
Очередность=5
ВидПлатежа=Electronically
ДатаПоступило=09.03.2016
ПолучательБанк1=ЯРОСЛАВСКИЙ Ф-Л ПАО "ПРОМСВЯЗЬБАНК" г. ЯРОСЛАВЛЬ
ПолучательБИК=047888760
ПолучательКорсчет=30101810300000000760
КонецДокумента

СекцияДокумент=Платежное поручение
Номер=36
Дата=09.03.2016
Сумма=2000.00
НазначениеПлатежа=Оплата счета 216 от 31.01.2016 г. за оказание услуги доступа к сети Интернет НДС не облагается
Плательщик1=Союз писателей Отделение
ПлательщикИНН=3123021285
ПлательщикСчет=40703810105250000512
ПлательщикКПП=312301001
ПолучательКПП=366601001
ПоказательКБК=
ОКАТО=
ПоказательОснования=
ПоказательПериода=
ПоказательНомера=
ПоказательДаты=
ПоказательТипа=
ПлательщикБанк1=ФИЛИАЛ БАНКА ВТБ (ПАО) В Г. ВОРОНЕЖЕ г Воронеж
ПлательщикБИК=042007835
ПлательщикКорсчет=30101810100000000835
Получатель1=ООО "Инфорум"
ПолучательИНН=3666152146
ПолучательСчет=40702810602000758601
ВидОплаты=01
СрокПлатежа=
Очередность=5
ВидПлатежа=Electronically
ДатаПоступило=09.03.2016
ПолучательБанк1=ЯРОСЛАВСКИЙ Ф-Л ПАО "ПРОМСВЯЗЬБАНК" г. ЯРОСЛАВЛЬ
ПолучательБИК=047888760
ПолучательКорсчет=30101810300000000760
КонецДокумента

СекцияДокумент=Платежное поручение
Номер=114
Дата=09.03.2016
Сумма=2500.00
НазначениеПлатежа=Оплата по счету № 398 от 29.02.2016г. оказание услуги доступа к сети Интернет. Сумма 2500-00 Без налога (НДС)
Плательщик1=ООО "БЛИЦ"
ПлательщикИНН=3123044878
ПлательщикСчет=40702810407000102806
ПлательщикКПП=312301001
ПолучательКПП=366601001
ПоказательКБК=
ОКАТО=
ПоказательОснования=
ПоказательПериода=
ПоказательНомера=
ПоказательДаты=
ПоказательТипа=
ПлательщикБанк1=БЕЛГОРОДСКОЕ ОТДЕЛЕНИЕ N8592 ПАО СБЕРБАНК г БЕЛГОРОД
ПлательщикБИК=041403633
ПлательщикКорсчет=30101810100000000633
Получатель1=ООО "Инфорум"
ПолучательИНН=3666152146
ПолучательСчет=40702810602000758601
ВидОплаты=01
СрокПлатежа=
Очередность=5
ВидПлатежа=Electronically
ДатаПоступило=09.03.2016
ПолучательБанк1=ЯРОСЛАВСКИЙ Ф-Л ПАО "ПРОМСВЯЗЬБАНК" г. ЯРОСЛАВЛЬ
ПолучательБИК=047888760
ПолучательКорсчет=30101810300000000760
КонецДокумента

СекцияДокумент=Платежное поручение
Номер=96
Дата=09.03.2016
Сумма=3500.00
НазначениеПлатежа=Оплата за оказание услуги доступа к сети интернет согл. счета № 205 от 31.01.2016г Cумма 3500-00,без налога (НДС).
Плательщик1=ТСЖ "Салют-16"
ПлательщикИНН=3123086853
ПлательщикСчет=40703810307000000120
ПлательщикКПП=312301001
ПолучательКПП=366615214
ПоказательКБК=
ОКАТО=
ПоказательОснования=
ПоказательПериода=
ПоказательНомера=
ПоказательДаты=
ПоказательТипа=
ПлательщикБанк1=БЕЛГОРОДСКОЕ ОТДЕЛЕНИЕ N8592 ПАО СБЕРБАНК г БЕЛГОРОД
ПлательщикБИК=041403633
ПлательщикКорсчет=30101810100000000633
Получатель1=ООО " Инфорум "
ПолучательИНН=3666152146
ПолучательСчет=40702810602000758601
ВидОплаты=01
СрокПлатежа=
Очередность=5
ВидПлатежа=Electronically
ДатаПоступило=09.03.2016
ПолучательБанк1=ЯРОСЛАВСКИЙ Ф-Л ПАО "ПРОМСВЯЗЬБАНК" г. ЯРОСЛАВЛЬ
ПолучательБИК=047888760
ПолучательКорсчет=30101810300000000760
КонецДокумента

СекцияДокумент=Платежное поручение
Номер=53
Дата=09.03.2016
Сумма=4000.00
НазначениеПлатежа=Оплата за оказание услуги доступа к сети Интернет за февраль 2016г. по счету №539 от 29.02.2016г.НДС не облагается
Плательщик1=ООО "Логист плюс"
ПлательщикИНН=3604018140
ПлательщикСчет=40702810513060020172
ПлательщикКПП=360401001
ПолучательКПП=366601001
ПоказательКБК=
ОКАТО=
ПоказательОснования=
ПоказательПериода=
ПоказательНомера=
ПоказательДаты=
ПоказательТипа=
ПлательщикБанк1=ЦЕНТРАЛЬНО-ЧЕРНОЗЕМНЫЙ БАНК ПАО СБЕРБАНК г ВОРОНЕЖ
ПлательщикБИК=042007681
ПлательщикКорсчет=30101810600000000681
Получатель1=ООО "Инфорум"
ПолучательИНН=3666152146
ПолучательСчет=40702810602000758601
ВидОплаты=01
СрокПлатежа=
Очередность=5
ВидПлатежа=Electronically
ДатаПоступило=09.03.2016
ПолучательБанк1=ЯРОСЛАВСКИЙ Ф-Л ПАО "ПРОМСВЯЗЬБАНК" г. ЯРОСЛАВЛЬ
ПолучательБИК=047888760
ПолучательКорсчет=30101810300000000760
КонецДокумента

СекцияДокумент=Платежное поручение
Номер=63
Дата=09.03.2016
Сумма=6000.00
НазначениеПлатежа=ОПЛАТА ЗА УСЛУГИ ПО СЧЕТУ 587 ОТ 29.02.2016 ГОДА НДС НЕ ОБЛАГАЕТСЯ
Плательщик1=ОАО "БОРИСОГЛЕБСКАЯ ОБУВНАЯ ФАБРИКА " р/с40702810414080000070 в ВОРОНЕЖСКИЙ РФ АО "РОССЕЛЬХОЗБАНК", Г ВОРОНЕЖ в АО "РОССЕЛЬХОЗБАНК" г МОСКВА
ПлательщикИНН=3604003641
ПлательщикСчет=30109810310000175901
ПолучательКПП=366601001
ПоказательКБК=
ОКАТО=
ПоказательОснования=
ПоказательПериода=
ПоказательНомера=
ПоказательДаты=
ПоказательТипа=
ПлательщикБанк1=ПАО "ПРОМСВЯЗЬБАНК" г. МОСКВА
ПлательщикБИК=044525555
ПлательщикКорсчет=30101810400000000555
Получатель1=ООО "ИНФОРУМ"
ПолучательИНН=3666152146
ПолучательСчет=40702810602000758601
ВидОплаты=01
СрокПлатежа=
Очередность=5
ВидПлатежа=Electronically
ДатаПоступило=09.03.2016
ПолучательБанк1=ЯРОСЛАВСКИЙ Ф-Л ПАО "ПРОМСВЯЗЬБАНК" г. ЯРОСЛАВЛЬ
ПолучательБИК=047888760
ПолучательКорсчет=30101810300000000760
КонецДокумента

СекцияДокумент=Платежное поручение
Номер=116
Дата=09.03.2016
Сумма=8534.00
НазначениеПлатежа=Возврат средств по п/п N 116 от 29.02.2016 - Договор не найден или отсутствует или закрыт.
Плательщик1=Акционерное общество "Тинькофф Банк"
ПлательщикИНН=7710140679
ПлательщикСчет=47416810000000001022
ПлательщикКПП=775001001
ПолучательКПП=366601001
ПоказательКБК=
ОКАТО=
ПоказательОснования=
ПоказательПериода=
ПоказательНомера=
ПоказательДаты=
ПоказательТипа=
ПлательщикБанк1=АО "ТИНЬКОФФ БАНК" г МОСКВА
ПлательщикБИК=044583974
ПлательщикКорсчет=30101810900000000974
Получатель1=ООО "Инфорум" р/с40702810602000758601 в ПАО "ПРОМСВЯЗЬБАНК",
ПолучательИНН=3666152146
ПолучательСчет=40702810602000758601
ВидОплаты=01
СрокПлатежа=
Очередность=3
ВидПлатежа=Electronically
ДатаПоступило=09.03.2016
ПолучательБанк1=ЯРОСЛАВСКИЙ Ф-Л ПАО "ПРОМСВЯЗЬБАНК" г. ЯРОСЛАВЛЬ
ПолучательБИК=047888760
ПолучательКорсчет=30101810300000000760
КонецДокумента

СекцияДокумент=Платежное поручение
Номер=4144
Дата=09.03.2016
Сумма=14838.57
НазначениеПлатежа=Платежи по дог 121/2014 от 21.07.2014 за 03.03.2016-08.03.2016, 34 шт, принято 15266.00, комиссия 427.43 в т.ч НДС 65.20 удержана, #08.03.2016, Сумма 14838-57
Плательщик1=ООО "ПРОЦЕССИНГОВОЕ АГЕНТСТВО" р/с 40702810349770002119 в ЗАПАДНО-УРАЛЬСКИЙ БАНК ПАО СБЕРБАНК г.ПЕРМЬ
ПлательщикИНН=5902882871
ПлательщикСчет=30302810277006000000
ПлательщикКПП=590301001
ПолучательКПП=366601001
ПоказательКБК=
ОКАТО=
ПоказательОснования=
ПоказательПериода=
ПоказательНомера=
ПоказательДаты=
ПоказательТипа=
ПлательщикБанк1=СЕВЕРНЫЙ БАНК ПАО СБЕРБАНК г ЯРОСЛАВЛЬ
ПлательщикБИК=047888670
ПлательщикКорсчет=30101810500000000670
Получатель1=Общество с ограниченной ответственностью "Инфорум"
ПолучательИНН=3666152146
ПолучательСчет=40702810602000758601
ВидОплаты=01
СрокПлатежа=
Очередность=5
ВидПлатежа=Electronically
ДатаПоступило=09.03.2016
ПолучательБанк1=ЯРОСЛАВСКИЙ Ф-Л ПАО "ПРОМСВЯЗЬБАНК" г. ЯРОСЛАВЛЬ
ПолучательБИК=047888760
ПолучательКорсчет=30101810300000000760
КонецДокумента

СекцияДокумент=Платежное поручение
Номер=93666
Дата=09.03.2016
Сумма=28524.96
НазначениеПлатежа=//ПРИЛОЖЕНИЕ//ООО Инфорум;по принятым платежам с 08/03/2016 по 08/03/2016;на общую сумму 29047.83,в т.ч.усл.банка 522.87,в кол-ве 78,согл.эл.реестру 090316gb23632540236.158.TXT
Плательщик1=ОАО "СБЕРБАНК РОССИИ" р/с 30233810749000600001 в ЗАПАДНО-УРАЛЬСКИЙ БАНК ПАО СБЕРБАНК г.ПЕРМЬ
ПлательщикИНН=7707083893
ПлательщикСчет=30302810277006000000
ПлательщикКПП=775001001
ПолучательКПП=366601001
ПоказательКБК=
ОКАТО=
ПоказательОснования=
ПоказательПериода=
ПоказательНомера=
ПоказательДаты=
ПоказательТипа=
ПлательщикБанк1=СЕВЕРНЫЙ БАНК ПАО СБЕРБАНК г ЯРОСЛАВЛЬ
ПлательщикБИК=047888670
ПлательщикКорсчет=30101810500000000670
Получатель1=ООО "Инфорум"
ПолучательИНН=3666152146
ПолучательСчет=40702810602000758601
ВидОплаты=01
СрокПлатежа=
Очередность=5
ВидПлатежа=Electronically
ДатаПоступило=09.03.2016
ПолучательБанк1=ЯРОСЛАВСКИЙ Ф-Л ПАО "ПРОМСВЯЗЬБАНК" г. ЯРОСЛАВЛЬ
ПолучательБИК=047888760
ПолучательКорсчет=30101810300000000760
КонецДокумента

СекцияДокумент=Платежное поручение
Номер=108813
Дата=09.03.2016
Сумма=36837.92
НазначениеПлатежа=//ПРИЛОЖЕНИЕ//ООО Инфорум;по принятым платежам с 07/03/2016 по 08/03/2016;на общую сумму 37513.15,в т.ч.усл.банка 675.23,в кол-ве 98,согл.эл.реестру 090316gb23632540236.159.TXT
Плательщик1=ОАО "СБЕРБАНК РОССИИ" р/с 30233810749000600001 в ЗАПАДНО-УРАЛЬСКИЙ БАНК ПАО СБЕРБАНК г.ПЕРМЬ
ПлательщикИНН=7707083893
ПлательщикСчет=30302810277006000000
ПлательщикКПП=775001001
ПолучательКПП=366601001
ПоказательКБК=
ОКАТО=
ПоказательОснования=
ПоказательПериода=
ПоказательНомера=
ПоказательДаты=
ПоказательТипа=
ПлательщикБанк1=СЕВЕРНЫЙ БАНК ПАО СБЕРБАНК г ЯРОСЛАВЛЬ
ПлательщикБИК=047888670
ПлательщикКорсчет=30101810500000000670
Получатель1=ООО "Инфорум"
ПолучательИНН=3666152146
ПолучательСчет=40702810602000758601
ВидОплаты=01
СрокПлатежа=
Очередность=5
ВидПлатежа=Electronically
ДатаПоступило=09.03.2016
ПолучательБанк1=ЯРОСЛАВСКИЙ Ф-Л ПАО "ПРОМСВЯЗЬБАНК" г. ЯРОСЛАВЛЬ
ПолучательБИК=047888760
ПолучательКорсчет=30101810300000000760
КонецДокумента

СекцияДокумент=Платежное поручение
Номер=371711
Дата=07.03.2016
Сумма=59618.05
НазначениеПлатежа=//ПРИЛОЖЕНИЕ//ООО Инфорум;по принятым платежам с 04/03/2016 по 06/03/2016;на общую сумму 60710.83,в т.ч.усл.банка 1092.78,в кол-ве 165,согл.эл.реестру 070316gb23632540236.152.TXT
Плательщик1=ОАО "СБЕРБАНК РОССИИ" р/с 30233810749000600001 в ЗАПАДНО-УРАЛЬСКИЙ БАНК ПАО СБЕРБАНК г.ПЕРМЬ
ПлательщикИНН=7707083893
ПлательщикСчет=30302810277006000000
ПлательщикКПП=775001001
ПолучательКПП=366601001
ПоказательКБК=
ОКАТО=
ПоказательОснования=
ПоказательПериода=
ПоказательНомера=
ПоказательДаты=
ПоказательТипа=
ПлательщикБанк1=СЕВЕРНЫЙ БАНК ПАО СБЕРБАНК г ЯРОСЛАВЛЬ
ПлательщикБИК=047888670
ПлательщикКорсчет=30101810500000000670
Получатель1=ООО "Инфорум"
ПолучательИНН=3666152146
ПолучательСчет=40702810602000758601
ВидОплаты=01
СрокПлатежа=
Очередность=5
ВидПлатежа=Electronically
ДатаПоступило=09.03.2016
ПолучательБанк1=ЯРОСЛАВСКИЙ Ф-Л ПАО "ПРОМСВЯЗЬБАНК" г. ЯРОСЛАВЛЬ
ПолучательБИК=047888760
ПолучательКорсчет=30101810300000000760
КонецДокумента

СекцияДокумент=Платежное поручение
Номер=377303
Дата=07.03.2016
Сумма=66944.36
НазначениеПлатежа=//ПРИЛОЖЕНИЕ//ООО Инфорум;по принятым платежам с 04/03/2016 по 06/03/2016;на общую сумму 68171.46,в т.ч.усл.банка 1227.1,в кол-ве 153,согл.эл.реестру 070316gb23632540236.153.TXT
Плательщик1=ОАО "СБЕРБАНК РОССИИ" р/с 30233810749000600001 в ЗАПАДНО-УРАЛЬСКИЙ БАНК ПАО СБЕРБАНК г.ПЕРМЬ
ПлательщикИНН=7707083893
ПлательщикСчет=30302810277006000000
ПлательщикКПП=775001001
ПолучательКПП=366601001
ПоказательКБК=
ОКАТО=
ПоказательОснования=
ПоказательПериода=
ПоказательНомера=
ПоказательДаты=
ПоказательТипа=
ПлательщикБанк1=СЕВЕРНЫЙ БАНК ПАО СБЕРБАНК г ЯРОСЛАВЛЬ
ПлательщикБИК=047888670
ПлательщикКорсчет=30101810500000000670
Получатель1=ООО "Инфорум"
ПолучательИНН=3666152146
ПолучательСчет=40702810602000758601
ВидОплаты=01
СрокПлатежа=
Очередность=5
ВидПлатежа=Electronically
ДатаПоступило=09.03.2016
ПолучательБанк1=ЯРОСЛАВСКИЙ Ф-Л ПАО "ПРОМСВЯЗЬБАНК" г. ЯРОСЛАВЛЬ
ПолучательБИК=047888760
ПолучательКорсчет=30101810300000000760
КонецДокумента

СекцияДокумент=Платежное поручение
Номер=150
Дата=09.03.2016
Сумма=630.00
НазначениеПлатежа=Средства для участия в закупках на ЭТП otc-tender.ru (вирт.счет. 16.272196.875664-COM) НДС не облагается.
Плательщик1=ООО "Инфорум"
ПлательщикИНН=3666152146
ПлательщикСчет=40702810602000758601
ПлательщикКПП=366601001
ПоказательКБК=
ОКАТО=
ПоказательОснования=
ПоказательПериода=
ПоказательНомера=
ПоказательДаты=
ПоказательТипа=
ПлательщикБанк1=ЯРОСЛАВСКИЙ Ф-Л ПАО "ПРОМСВЯЗЬБАНК" г. ЯРОСЛАВЛЬ
ПлательщикБИК=047888760
ПлательщикКорсчет=30101810300000000760
Получатель1=АО "ОТС"
ПолучательИНН=7708699893
ПолучательСчет=40701810300260000093
ВидОплаты=01
СрокПлатежа=
Очередность=5
ВидПлатежа=Electronically
ДатаСписано=09.03.2016
ПолучательБанк1=БАНК ВТБ (ПАО) г МОСКВА
ПолучательБИК=044525187
ПолучательКорсчет=30101810700000000187
КонецДокумента

СекцияДокумент=Платежное поручение
Номер=151
Дата=09.03.2016
Сумма=43312.00
НазначениеПлатежа=Оплата за оборудование согласно счета №1064 от 09.03.16 г. НДС не облагается.
Плательщик1=ООО "Инфорум"
ПлательщикИНН=3666152146
ПлательщикСчет=40702810602000758601
ПлательщикКПП=366601001
ПоказательКБК=
ОКАТО=
ПоказательОснования=
ПоказательПериода=
ПоказательНомера=
ПоказательДаты=
ПоказательТипа=
ПлательщикБанк1=ЯРОСЛАВСКИЙ Ф-Л ПАО "ПРОМСВЯЗЬБАНК" г. ЯРОСЛАВЛЬ
ПлательщикБИК=047888760
ПлательщикКорсчет=30101810300000000760
Получатель1=ИП Поломкин Александр Леонидович
ПолучательИНН=121525210157
ПолучательСчет=40802810504800100030
ВидОплаты=01
СрокПлатежа=
Очередность=5
ВидПлатежа=Electronically
ДатаСписано=09.03.2016
ПолучательБанк1=БАНК "ВОЗРОЖДЕНИЕ" (ПАО) г МОСКВА
ПолучательБИК=044525181
ПолучательКорсчет=30101810900000000181
КонецДокумента

КонецФайла
