1CClientBankExchange
ВерсияФормата=1
Кодировка=Windows
Отправитель=Комплексная конфигурация, редакция 4.2
ДатаНачала=27.01.2011
ДатаКонца=27.01.2011
РасчСчет=40802810300001624877
СекцияРасчСчет
ДатаНачала=27.01.2011
ДатаКонца=27.01.2011
РасчСчет=40802810300001624877
НачальныйОстаток=374733.00
ВсегоПоступило=8600.00
ВсегоСписано=0.00
КонечныйОстаток=383333.00
КонецРасчСчет
СекцияДокумент=Платежное поручение
Дата=27.01.2011
ДатаПоступило=27.01.2011
Сумма=3000.00
НазначениеПлатежа=Обеспечение доступа ИС услуги за 1 квартал 2011г. оплата по счету N 1815 от 11 января 2011 г. Без НДС
Номер=18
ПлательщикСчет=40802810914160000044
Плательщик1=Индивидуальный предприниматель Мусатов Виталий Александрович
ПлательщикИНН=361911638854
ПлательщикБИК=042007811
ПлательщикБанк1=ВОРОНЕЖСКИЙ РФ ОАО "РОССЕЛЬХОЗБАНК" Г ВОРОНЕЖ
ПлательщикКорсчет=30101810700000000811
ПлательщикКПП=
ПолучательСчет=40802810300001624877
Получатель1=ЕПИХИН МИХАИЛ КОНСТАНТИНОВИЧ (ИП)
ПолучательИНН=366308162530
ПолучательБИК=044525700
ПолучательБанк1=ЗАО "Райффайзенбанк" г. Москва
ПолучательКорсчет=30101810200000000700
ПолучательКПП=
ВидОплаты=01
КонецДокумента
СекцияДокумент=Платежное поручение
Дата=27.01.2011
ДатаПоступило=27.01.2011
Сумма=2400.00
НазначениеПлатежа=ОПЛАТА ПО СЧ. N 1873 ОТ 11/01/2011 Г.ЗА ОБЕСПЕЧЕНИЕ ДОСТУПА К ИС В ЯНВАРЕ-МАРТЕ 2011 Г. БЕЗ НДС
Номер=3
ПлательщикСчет=40802810713160005056
Плательщик1=ИП ГЕЙДАРОВА ВАЛЕНТИНА НИКОЛАЕВНА
ПлательщикИНН=360300146102
ПлательщикБИК=042007681
ПлательщикБанк1=ЦЕНТРАЛЬНО-ЧЕРНОЗЕМНЫЙ БАНК СБЕРБАНКА РФГ. ВОРОНЕЖ
ПлательщикКорсчет=30101810600000000681
ПлательщикКПП=
ПолучательСчет=40802810300001624877
Получатель1=ЕПИХИН МИХАИЛ КОНСТАНТИНОВИЧ (ИП)
ПолучательИНН=366308162530
ПолучательБИК=044525700
ПолучательБанк1=ЗАО "Райффайзенбанк" г. Москва
ПолучательКорсчет=30101810200000000700
ПолучательКПП=
ВидОплаты=01
КонецДокумента
СекцияДокумент=Платежное поручение
Дата=27.01.2011
ДатаПоступило=28.01.2011
Сумма=2400.00
НазначениеПлатежа=За обеспечение дотупа к ИС по счету   2097 от 11.01.2011г. Договор 3157от 13.01.2009г. Без НДС.
Номер=42
ПлательщикСчет=40702810014180000024
Плательщик1=ООО "Флора"
ПлательщикИНН=3632005880
ПлательщикБИК=042007811
ПлательщикБанк1=ВОРОНЕЖСКИЙ РФ ОАО "РОССЕЛЬХОЗБАНК" Г ВОРОНЕЖ
ПлательщикКорсчет=30101810700000000811
ПлательщикКПП=363201001
ПолучательСчет=40802810300001624877
Получатель1=ЕПИХИН МИХАИЛ КОНСТАНТИНОВИЧ (ИП)
ПолучательИНН=366308162530
ПолучательБИК=044525700
ПолучательБанк1=ЗАО "Райффайзенбанк" г. Москва
ПолучательКорсчет=30101810200000000700
ПолучательКПП=
ВидОплаты=01
КонецДокумента
СекцияДокумент=Платежное поручение
Дата=26.01.2011
ДатаПоступило=27.01.2011
Сумма=800.00
НазначениеПлатежа=ОБЕСПЕЧЕНИЕ ДОСТУПА К ИС (МОНИТОРИНГУ ФАРМРЫНКА) В ЯНВАРЕ ПО СЧЕТУ N2063 ОТ 11.01.11. БЕЗ НАЛОГА (НДС)
Номер=5
ПлательщикСчет=40802810113230000921
Плательщик1=ИНДИВИДУАЛЬНЫЙ ПРЕДПРИНИМАТЕЛЬ ПАХОМОВА ВАЛЕНТИНА ФИЛИППОВНА ПАВЛОВСКОЕ ОСБ N3872 Г. ПАВЛОВСК
ПлательщикИНН=362001105863
ПлательщикБИК=042007681
ПлательщикБанк1=ЦЕНТРАЛЬНО-ЧЕРНОЗЕМНЫЙ БАНК СБЕРБАНКА РФГ. ВОРОНЕЖ
ПлательщикКорсчет=30101810600000000681
ПлательщикКПП=000000000
ПолучательСчет=40802810300001624877
Получатель1=ЕПИХИН МИХАИЛ КОНСТАНТИНОВИЧ (ИП)
ПолучательИНН=366308162530
ПолучательБИК=044525700
ПолучательБанк1=ЗАО "Райффайзенбанк" г. Москва
ПолучательКорсчет=30101810200000000700
ПолучательКПП=
ВидОплаты=01
КонецДокумента
КонецФайла

КонецФайла
